Automatically generated by Mendeley Desktop 1.18
Any changes to this file will be lost if it is regenerated by Mendeley.

BibTeX export options can be customized via Preferences -> BibTeX in Mendeley Desktop

@misc{Schneider2014,
author = {Schneider, Sven},
file = {:Users/navolskyi/Library/Application Support/Mendeley Desktop/Downloaded/Schneider - 2014 - Final Presentation.pptx:pptx},
pages = {1--7},
title = {{Final Presentation}},
year = {2014}
}
@article{Danz,
author = {Danz, M and Gr{\"{a}}f, T and Michel, C},
file = {:Users/navolskyi/Library/Application Support/Mendeley Desktop/Downloaded/Danz, Gr{\"{a}}f, Michel - Unknown - A structured approach to evidence-based software engineering in empirical software engineering research.pdf:pdf},
keywords = {checklist,ebse,evidence-based software engineering,flowchart,scientific working,software engineering,student workflow},
title = {{A structured approach to evidence-based software engineering in empirical software engineering research for students}}
}
@article{Statement2017a,
author = {Statement, Problem and Idea, Basic},
file = {:Users/navolskyi/Library/Application Support/Mendeley Desktop/Downloaded/Statement, Idea - 2017 - Bachelor Thesis Shop-Floor Linked Data Graph - Design Of A Linked Data Processing System Architecture For The.pdf:pdf},
pages = {6--8},
title = {{Bachelor Thesis ?: Shop-Floor Linked Data Graph - Design Of A Linked Data Processing System Architecture For The Manufacturing Domain =}},
year = {2017}
}
@article{Farrugia2010,
author = {Farrugia, Patricia and Petrisor, Bradley A. and Farrokhyar, Forough and Bhandari, Mohit},
file = {:Users/navolskyi/Library/Application Support/Mendeley Desktop/Downloaded/Farrugia et al. - 2010 - Research questions, hypotheses and objektives.pdf:pdf},
journal = {Can J Surg},
pages = {3},
title = {{Research questions, hypotheses and objektives}},
url = {https://isites.harvard.edu/fs/docs/icb.topic1172952.files/04082013.pdf},
volume = {53},
year = {2010}
}
@article{Statement2017,
author = {Statement, Problem and Idea, Basic},
file = {:Users/navolskyi/Library/Application Support/Mendeley Desktop/Downloaded/Statement, Idea - 2017 - Bachelor Thesis Drive By Maintenance.pdf:pdf},
pages = {6--8},
title = {{Bachelor Thesis ?: Drive By Maintenance ?}},
year = {2017}
}
@article{Danz2017,
author = {Danz, M. and Gr{\"{a}}f, T. and Michel, C. and Miclaus, A},
file = {:Users/navolskyi/Library/Application Support/Mendeley Desktop/Downloaded/Danz et al. - 2017 - Formulate Question.pdf:pdf},
pages = {1--4},
title = {{Formulate Question}},
year = {2017}
}
@article{Ferdinand2016,
author = {Ferdinand, M},
file = {:Users/navolskyi/Library/Application Support/Mendeley Desktop/Downloaded/Ferdinand - 2016 - Design of a Linked Data-enabled Microservice Platform for the Industrial Internet of Things.pdf:pdf},
title = {{Design of a Linked Data-enabled Microservice Platform for the Industrial Internet of Things}},
year = {2016}
}
