% This file was created with JabRef 2.9.2.
% Encoding: Cp1252

@misc{ChuaHock-Chuan,
author = {Hock-Chuan, Chua},
howpublished = {https://www.ntu.edu.sg/home/ehchua/programming/sql/Relational_Database_Design.html},
keywords = {ER,database,dbms,mysql,relations},
pages = {1--8},
title = {{A Quick-Start Tutorial on Relational Database Design Database Design Objectiv e}},
url = {https://www.ntu.edu.sg/home/ehchua/programming/sql/Relational_Database_Design.html},
urldate = {2018-04-28}
}
@misc{Rouse2016,
author = {Rouse, Margaret},
howpublished = {https://whatis.techtarget.com/definition/graph-database},
title = {{What is data collection? - Definition from WhatIs.com}},
url = {https://whatis.techtarget.com/definition/graph-database https://searchcio.techtarget.com/definition/data-collection},
urldate = {2018-04-28},
year = {2016}
}
@misc{Yegulalp2017,
author = {Yegulalp, Serdar},
howpublished = {https://www.infoworld.com/article/3240644/nosql/what-is-nosql-nosql-databases-explained.html},
title = {{What is NoSQL? NoSQL databases explained | InfoWorld}},
url = {https://www.infoworld.com/article/3240644/nosql/what-is-nosql-nosql-databases-explained.html},
urldate = {2018-04-28},
year = {2017}
}
